@article{CST,
    author = {B. M. Kulfan},
    doi = {10.2514/1.29958},
    journal = {Journal of Aircraft},
    month = {January},
    number = {1},
    pages = {142--158},
    publisher = {American Institute of Aeronautics and Astronautics ({AIAA})},
    title = {Universal Parametric Geometry Representation Method},
    url = {https://doi.org/10.2514/1.29958},
    volume = {45},
    year = {2008}
}
